% Encoding: UTF-8

@Article{Hildebrand1983,
  author  = {{Hildebrand}, R.~H.},
  title   = {{The Determination of Cloud Masses and Dust Characteristics from Submillimetre Thermal Emission}},
  journal = {\qjras},
  year    = {1983},
  volume  = {24},
  pages   = {267},
  month   = sep,
  adsnote = {Provided by the SAO/NASA Astrophysics Data System},
  adsurl  = {http://adsabs.harvard.edu/abs/1983QJRAS..24..267H},
}

@Comment{jabref-meta: databaseType:bibtex;}
